@book{furlong2000research,
  title={Research Methods and Statistics: An Integrated Approach},
  author={Furlong, N.E. and Lovelace, E.A. and Lovelace, K.L.},
  isbn={9780155071629},
  lccn={99066517},
  year={2000},
  publisher={Harcourt College Publishers}
}

@article{brown1992design,
  title={Design experiments: Theoretical and methodological challenges in creating complex interventions in classroom settings},
  author={Brown, Ann L},
  journal={The journal of the learning sciences},
  volume={2},
  number={2},
  pages={141--178},
  year={1992},
  publisher={Taylor \& Francis}
}

@article{shavelson2003science,
  title={On the science of education design studies},
  author={Shavelson, Richard J and Phillips, Dennis C and Towne, Lisa and Feuer, Michael J},
  journal={Educational researcher},
  volume={32},
  number={1},
  pages={25--28},
  year={2003},
  publisher={Sage Publications}
}

@article{nauta2007assessing,
  title={Assessing college students' satisfaction with their academic majors},
  author={Nauta, Margaret M},
  journal={Journal of Career Assessment},
  volume={15},
  number={4},
  pages={446--462},
  year={2007},
  publisher={Sage Publications}
}
