@article{kolb2005kolb,
  title={The Kolb learning style inventory---version 3.1 2005 technical specifications},
  author={Kolb, Alice Y},
  year={2005}
}

@book{kolb2014experiential,
  title={Experiential learning: Experience as the source of learning and development},
  author={Kolb, David A},
  year={2014},
  publisher={Pearson Education}
}

@article{sfard1998two,
  title={On two metaphors for learning and the dangers of choosing just one},
  author={Sfard, Anna},
  journal={Educational researcher},
  volume={27},
  number={2},
  pages={4--13},
  year={1998},
  publisher={Sage Publications}
}
